% Encoding: UTF-8

@PhdThesis{Vicente2016,
  author      = {Vicente, E.},
  title       = {Análisis y gestión del riesgo en los sistemas de información: Un enfoque borroso},
  institution = {Universidad Politécnica de Madrid},
  year        = {2016},
  location    = {Madrid},
}

@Article{Ashtiani2014,
  author       = {Ashtiani, M.H.Z. and Ahmadabadi, M.N. and Araabi, B.N.},
  title        = {Bandit-based local feature subset selection},
  journal      = {138},
  journaltitle = {Neurocomputing},
  year         = {2014},
  pages        = {371--382},
}

@Book{Berry1985,
  author   = {Berry, D. and Fristedt, B.},
  title    = {Bandit problems},
  year     = {1985},
  editor   = {Chapman and Hall},
  edition  = {Chapman and Hall},
  location = {London},
}

@InCollection{Figueira2005,
  author    = {Figueira, J. and Mousseau, V. and Roy, B.},
  title     = {ELECTRE methods},
  booktitle = {Multiple criteria decision analysis: State of the art survey},
  year      = {2005},
  editor    = {Figueira, J. and Greco, S. and Erghott, M.},
  edition   = {Springer},
  publisher = {Springer},
  location  = {New York},
  pages     = {133--153},
}

@Article{Thompson1933,
  author       = {Thompson, W.R.},
  title        = {On the likelihood that one unknown probability exceeds another in view of the evidence of two samples},
  journal      = {25},
  journaltitle = {Biometrika},
  year         = {1933},
  number       = {25},
  pages        = {285--294},
}

@Book{Sutton1998,
  author    = {Sutton, R. and Barto, A.},
  title     = {Reinforcement learning, an introduction},
  year      = {1998},
  publisher = {MIT Press},
  location  = {Cambridge},
}

@InProceedings{Li2010,
  author    = {Li, L. and Chu, W. and Langford, J. and Schapire, R.E.},
  title     = {A contextual-bandit approach to personalized news article recommendation},
  booktitle = {Proceedings of the 19th International Conference on World Wide Web},
  year      = {2010},
  publisher = {ACM},
  location  = {New York},
  pages     = {661--710},
}

@InCollection{Mateos2009,
  author    = {Mateos, A. and Jiménez, A.},
  title     = {A trapezoidal fuzzy numbers-based approach for aggregating group preferences and ranking decision alternatives in MCDM},
  booktitle = {Evolutionary multi-criterion optimization},
  year      = {2009},
  editor    = {Erghott, M. and Fonseca, C.M. and Gandibleux, X. and Jao, H. and Servaux, M.},
  publisher = {Springer},
  location  = {Berlin},
  pages     = {365--379},
}

@Comment{jabref-meta: databaseType:biblatex;}
